@book{mpi,
	publisher = {{The MIT Press}},
	author = {William Gropp and Ewing Lusk and Anthony Skjellum},
	title = {{Using MPI Portable Parallel Programming with the Message Passing Interface}},
	year = {{1994}},
	tags = "MPI, Distributed memory"
}

@article{Nieplocha96,
	author = {Jaroslaw Nieplocha and Robert J. Harrison and Richard J. Littlefield},
	title = {{Global arrays: A nonuniform memory access programming model for high-performance computers}},
	journal = {{The Journal of Supercomputing}},
	volume = {{10}},
	number = {{2}},
	year = {{1996}},
	doi = {{10.1007/BF00130708}},
	tags = "Distributed memory, Global Arrays, Parallel framework"
}

@inproceedings{Blackford96,
	booktitle = {{Proceedings of the 1996 ACM/IEEE conference on Supercomputing (CDROM) - Supercomputing 96 Supercomputing 96}},
	author = {Blackford, Laura Susan},
	title = {{ScaLAPACK}},
	pages = {5},
	year = {{1996}},
	doi = {{10.1145/369028.369038}},
	tags = "Linear Algebra, Distributed memory, Parallel framework"
}

@misc{Python,
	howpublished = {{Python Software Foundation}},
	note = {{www.python.org}},
	author = {Guido van Rossum},
	title = {{Python Programming Language}},
	year = {{2009}},
	tags = "Python"
}

@article{numpy,
author = {Travis E. Oliphant},
title = {Python for Scientific Computing},
journal ={Computing in Science and Engineering},
volume = {9},
issn = {1521-9615},
year = {2007},
pages = {10-20},
doi = {http://doi.ieeecomputersociety.org/10.1109/MCSE.2007.58},
publisher = {IEEE Computer Society},
address = {Los Alamitos, CA, USA},
}

@misc{SciPy,
	Url = {{http://www.scipy.org/}},
	author = {Jones, Eric and Oliphant, Travis and Peterson, Pearu and others,},
	title = {{SciPy: Open source scientific tools for Python}},
	year = {{2001{--}}},
	tags = "Python"
}

@article{PER-GRA:2007,
	Month = {{may}},
	Url = {{http://ipython.scipy.org}},
	author = {P{\'{e}}rez, Fernando and Granger, Brian E.},
	title = {{IPython: a System for Interactive Scientific Computing}},
	journal = {{Comput. Sci. Eng.}},
	volume = {{9}},
	number = {{3}},
	pages = {21-29},
	year = {{2007}},
	tags = "Python"
}

@article{linpack79,
	author = {J.J. Dongarra and J.R. Bunch and C.B. Moler and G.W. Stewart},
	title = {{LINPACK users' guide}},
	journal = {{SIAM}},
	volume = {{1}},
	year = {{1979}},
	tags = "Linear Algebra, Distributed memory"
}


@article{SUMMA_GeijnW97,
	Bibsource = {{DBLP, http://dblp.uni-trier.de}},
	author = {Geijn, Robert A. van de and Watts, Jerrell},
	title = {{SUMMA: scalable universal matrix multiplication algorithm}},
	journal = {{Concurrency - Practice and Experience}},
	volume = {{9}},
	number = {{4}},
	pages = {255-274},
	year = {{1997}},
	tags = "Linear Algebra"
}

@article{PrylliT97,
	author = {Prylli, Lo{\"{i}}c and Tourancheau, Bernard},
	title = {{Fast Runtime Block Cyclic Data Redistribution on Multiprocessors}},
	journal = {{J. Parallel Distrib. Comput}},
	volume = {{45}},
	number = {{1}},
	pages = {63-72},
	year = {{1997}},
	tags = "Linear Algebra, Distributed memory"
}

@article{blas79,
	Address = {{New York, NY, USA}},
	Issn = {{0098-3500}},
	Publisher = {{ACM}},
	author = {Lawson, C. L. and Hanson, R. J. and Kincaid, D. R. and Krogh, F. T.},
	title = {{Basic Linear Algebra Subprograms for Fortran Usage}},
	journal = {{ACM Trans. Math. Softw.}},
	volume = {{5}},
	number = {{3}},
	pages = {308-323},
	year = {{1979}},
	doi = {{http://doi.acm.org/10.1145/355841.355847}},
	tags = "Linear Algebra"
}

@article{Loveman93,
	author = {Loveman, D.B.},
	title = {{High performance Fortran}},
	journal = {{IEEE Parallel \& Distributed Technology: Systems \& Applications}},
	volume = {{1}},
	number = {{1}},
	pages = {25},
	year = {{1993}},
	doi = {{10.1109/88.219857}},
	tags = "Distributed memory, Parallel framework"
}

@misc{SciMark,
	month = {{12}},
	url = {{http://math.nist.gov/scimark2/}},
	author = {Pozo, R. and Miller, B.},
	title = {{SciMark 2.0}},
	year = {{2002}},
}

@misc{assignmentNbody,
	month = {{11}},
	url = {{http://navet.ics.hawaii.edu/~casanova/courses/ics632_fall08/projects.html}},
	author = {Casanova, H.},
	title = {{N-body Simulation Assignment}},
	year = {{2008}},
}

@misc{distnumpy09,
	month = {{12}},
	url = {{http://code.google.com/p/distnumpy/}},
	author = {Kristensen, M. R. B.},
	title = {{DistNumPy}},
	year = {{2009}},
}

@article{Hill08,
	pmid = {{19114001}},
	author = {Hill, Jon and Hambley, Matthew and Forster, Thorsten and Mewissen, Muriel and Sloan, Terence M and Scharinger, Florian and Trew, Arthur and Ghazal, Peter},
	title = {{SPRINT: a new parallel framework for R.}},
	journal = {{BMC Bioinformatics}},
	volume = {{9}},
	pages = {558},
	year = {{2008}},
	doi = {{10.1186/1471-2105-9-558}},
	tags = "MPI, Distributed memory, Parallel framework"
}

@inproceedings{lapack90,
	address = {{Los Alamitos, CA, USA}},
	booktitle = {{Supercomputing {'}90: Proceedings of the 1990 ACM/IEEE conference on Supercomputing}},
	Isbn = {{0-89791-412-0}},
	Location = {{New York, New York, United States}},
	publisher = {{IEEE Computer Society Press}},
	author = {Anderson, E. and Bai, Z. and Dongarra, J. and Greenbaum, A. and McKenney, A. and Du Croz, J. and Hammerling, S. and Demmel, J. and Bischof, C. and Sorensen, D.},
	title = {{LAPACK: a portable linear algebra library for high-performance computers}},
	pages = {2-11},
	year = {{1990}},
}

