
@book{mpi,
	publisher = {{The MIT Press}},
	author = {William Gropp and Ewing Lusk and Anthony Skjellum},
	title = {{Using MPI Portable Parallel Programming with the Message Passing Interface}},
	year = {{1994}},
	tags = "MPI, Distributed memory"
}

@article{paw,
	Doi = {{10.1103/PhysRevB.50.17953}},
	Month = {{Dec}},
	Numpages = {{26}},
	Publisher = {{American Physical Society}},
	author = {Blochl, P. E.},
	title = {{Projector augmented-wave method}},
	journal = {{Phys. Rev. B}},
	volume = {{50}},
	number = {{24}},
	pages = {17953-17979},
	year = {{1994}},
	tags = "Molecular dynamics simulations, GPAW, PAW"
}

@article{Mortensen05,
	author = {Mortensen, J. J. and Hansen, L. B. and Jacobsen, K. W. },
	title = {{Real-space grid implementation of the projector augmented wave method}},
	journal = {{Physical Review B}},
	volume = {{71}},
	number = {{3}},
	pages = {035109},
	year = {{2005}},
	doi = {{10.1103/PhysRevB.71.035109}},
	tags = "GPAW, PAW"
}

@article{BGPoverview,
	author = {IBM BLUE GENE TEAM},
	title = {{Overview of the IBM Blue Gene/P project}},
	journal = {{IBM Journal of Research and Development}},
	volume = {{52}},
	year = {{2008}},
	tags = "BlueGene"
}

@article{henty2000,
	Doi = {{10.1109/SC.2000.10005}},
	Issn = {{1063-9535 }},
	Month = {{Nov.}},
	author = {Henty, D. S.},
	title = {{Performance of Hybrid Message-Passing and Shared-Memory Parallelism for Discrete Element Modeling}},
	journal = {{Supercomputing, ACM/IEEE 2000 Conference}},
	pages = {10-10},
	year = {{2000}},
	tags = "Distributed memory, MPI, OpenMP, Shared memory, Hybrid parallel programming"
}

@article{Dagum98,
	author = {Dagum, L. and Menon, R},
	title = {{OpenMP: an industry standard API for shared-memory programming}},
	journal = {{IEEE Computational Science and Engineering}},
	volume = {{5}},
	number = {{1}},
	pages = {46},
	year = {{1998}},
	doi = {{10.1109/99.660313}},
	tags = "Shared memory, OpenMP"
}

@inproceedings{Blocksome06_ARMCI,
	address = {{New York, NY, USA}},
	booktitle = {{SC {'}06: Proceedings of the 2006 ACM/IEEE conference on Supercomputing}},
	Doi = {{10.1145/1188455.1188580}},
	Isbn = {{0-7695-2700-0}},
	Location = {{Tampa, Florida}},
	publisher = {{ACM}},
	author = {Blocksome, M. and Archer, C. and Inglett, T. and McCarthy, P. and Mundy, M. and Ratterman, J. and Sidelnik, A. and Smith, B. and Alm{\'{a}}si, G. and J.  Casta\, nos and Lieber, D. and Moreira, J. and Krishnamoorthy, S. and Tipparaju, V. and Nieplocha, J.},
	title = {{Design and implementation of a one-sided communication interface for the IBM eServer Blue Gene{$^-$} supercomputer}},
	pages = {120},
	year = {{2006}},
	tags = "Distributed memory, Global Arrays, ARMCI"
}

@inproceedings{hoefler-europvm08-qm,
	booktitle = {{Recent Advances in Parallel Virtual Machine and Message Passing Interface, 15th European PVM/MPI Users{'} Group Meeting}},
	Isbn = {{078-3-540-87474-4}},
	Issn = {{0302-9743}},
	Location = {{Dublin, Ireland}},
	Month = {{9}},
	publisher = {{Springer}},
	Source = {{http://www.unixer.de/ htor/publications/}},
	author = {Hoefler, T. and Lorenzen, F. and Lumsdaine, A.},
	title = {{Sparse Non-Blocking Collectives in Quantum Mechanical Calculations}},
	volume = {{LNCS 5205}},
	pages = {55-63},
	year = {{2008}},
	tags = "Molecular dynamics simulations, Distributed memory, Topology, MPI"
}

@article{Krishnan08,
	Address = {{Los Alamitos, CA, USA}},
	Doi = {{http://doi.ieeecomputersociety.org/10.1109/ICPP-W.2008.34}},
	Issn = {{1530-2016}},
	Publisher = {{IEEE Computer Society}},
	author = {Krishnan, Manojkumar and Nieplocha, Jarek and Blocksome, Michael and Smith, Brian},
	title = {{Evaluation of Remote Memory Access Communication on the IBM Blue Gene/P Supercomputer}},
	journal = {{Parallel Processing Workshops, International Conference on}},
	volume = {{0}},
	pages = {109-115},
	year = {{2008}},
	tags = "ARMCI, BlueGene, Distributed memory, MPI"
}

@article{Kal√©08,
	author = {Kal{\'{e}}, L V},
	title = {{Some essential techniques for developing efficient petascale applications}},
	journal = {{Journal of Physics Conference Series}},
	volume = {{125}},
	pages = {012036},
	year = {{2008}},
	doi = {{10.1088/1742-6596/125/1/012036}},
	tags = "MPI, OpenMP, Distributed memory, Shared memory, Hybrid parallel programming"
}

@article{DeSouza05MSA,
	author = {Jayant DeSouza and Laxmikant V. Kal{\'{e}}},
	title = {{MSA: Multiphase Specifically Shared Arrays}},
	journal = {{Proceedings of the 17th International Workshop on Languages and Compilers for Parallel Computing}},
	year = {{2005}},
	tags = "Distributed memory, Global Arrays"
}

@article{Rabenseifner03,
	author = {Rolf Rabenseifner},
	title = {{Hybrid Parallel Programming on HPC Platforms}},
	journal = {{Proc. European Workshop on OpenMP {'}03}},
	year = {{2003}},
	tags = "Shared memory, Distributed memory, Hybrid parallel programming"
}

@article{hipp04Hybrid,
	publisher = {{Springer-Verlag Berlin Heidelberg}},
	author = {M. Hipp and W. Rosenstiel},
	title = {{Parallel Hybrid Particle Simulations Using MPI and OpenMP}},
	pages = {189-197},
	year = {{2004}}
}

@book{mpi2,
	publisher = {{MIT Press}},
	author = {Gropp, W. and Huss-Lederman, S. and Limsdaine, A. and Lusk, E. and Saphir, W. and Snir, M.},
	title = {{The Complete Reference: Volume 2, the MPI-2 Extensions}},
	year = {{1998}},
	tags = "MPI"
}

@article{Chamberlain07,
	author = {Chamberlain, B.L.},
	title = {{Parallel Programmability and the Chapel Language}},
	journal = {{International Journal of High Performance Computing Applications}},
	volume = {{21}},
	number = {{3}},
	pages = {291},
	year = {{2007}},
	doi = {{10.1177/1094342007078442}},
	tags = "ARMCI, Distributed memory, Global Arrays, MPI, OpenMP, PVM, Shared memory"
}

@Book{slug,
	Address = {{Philadelphia, PA}},
	Isbn = {{0-89871-397-8 (paperback)}},
	Publisher = {{Society for Industrial and Applied Mathematics}},
	author = {Blackford, L. S. and Choi, J. and Cleary, A. and D{'}Azevedo, E. and Demmel, J. and Dhillon, I. and Dongarra, J. and Hammarling, S. and Henry, G. and Petitet, A. and Stanley, K. and Walker, D. and Whaley, R. C.},
	title = {{ScaLAPACK Users{'} Guide}},
	year = {{1997}},
	tags = "Linear Algebra, Distributed memory"
}

@inproceedings{Blackford96,
	booktitle = {{Proceedings of the 1996 ACM/IEEE conference on Supercomputing (CDROM) - Supercomputing 96 Supercomputing 96}},
	author = {Blackford, Laura Susan},
	title = {{ScaLAPACK}},
	pages = {5},
	year = {{1996}},
	doi = {{10.1145/369028.369038}},
	tags = "Linear Algebra, Distributed memory, Parallel framework"
}

@article{Drummond07,
	BookTitle = {{High Performance Computing for Computational Science - VECPAR 2006}},
	author = {Drummond, L. A.},
	title = {{PyACTS: A High-Level Framework for Fast Development of High Performance Applications}},
	volume = {{4395}},
	pages = {417},
	year = {{2007}},
	doi = {{10.1007/978-3-540-71351-7_32}},
	tags = "Linear Algebra, Distributed memory, Parallel framework"
}

@inproceedings{siegel-siegel:2008:madre,
	booktitle = {{Recent Advances in Parallel Virtual Machine and Message Passing Interface, 15th European PVM/MPI User{'}s Group Meeting, Proceedings}},
	editor = {Lastovetsky, Alexey and Kechadi, Tahar and Dongarra, Jack},
	Note = {{To appear}},
	publisher = {{Springer}},
	author = {Siegel, Stephen F. and Siegel, Andrew R.},
	title = {{MADRE: The Memory-Aware Data Redistribution Engine}},
	volume = {{5205}},
	year = {{2008}},
	tags = "Linear Algebra, Distributed memory"
}

@misc{Dongarrayz_lapackworking,
	author = {Dongarrayz, Jack and Walkerz, David},
	title = {{LAPACK Working Note 58 The Design of Linear Algebra Libraries for High Performance Computers}},
	tags = "Linear Algebra, Distributed memory"
}

@inproceedings{a23-alam,
	address = {{Piscataway, NJ, USA}},
	booktitle = {{SC {'}08: Proceedings of the 2008 ACM/IEEE conference on Supercomputing}},
	Doi = {{http://doi.acm.org/10.1145/1413370.1413394}},
	Isbn = {{978-1-4244-2835-9}},
	Location = {{Austin, Texas}},
	publisher = {{IEEE Press}},
	author = {Alam, S. and Barrett, R. and Bast, M. and Fahey, M. R. and Kuehn, J. and McCurdy, C. and Rogers, J. and Roth, P. and Sankaran, R. and Vetter, J. S. and Worley, P. and Yu, W.},
	title = {{Early evaluation of IBM BlueGene/P}},
	pages = {1-12},
	year = {{2008}},
	tags = "BlueGene"
}

@article{Sala07,
	BookTitle = {{Applied Parallel Computing State of the Art in Scientific Computing}},
	author = {Sala, Marzio},
	title = {{PyTrilinos: High-Performance Distributed-Memory Solvers for Python}},
	volume = {{4699}},
	pages = {966},
	year = {{2007}},
	doi = {{10.1007/978-3-540-75755-9_114}},
	tags = "Linear Algebra, Distributed memory, Python, Parallel framework"
}

@article{Walker96,
	author = {Walker, D.W.},
	title = {{Redistribution of block{-}cyclic data distributions using MPI}},
	journal = {{Concurrency Practice and Experience}},
	volume = {{8}},
	number = {{9}},
	pages = {707},
	year = {{1996}},
	doi = {{10.1002/(SICI)1096-9128(199611)8:9<707::AID-CPE269>3.0.CO;2-V}},
	tags = "Distributed memory, Linear Algebra"
}

@inproceedings{drugalmigpen:2005,
	booktitle = {{Parallel Computing: Current \& Future Issues of High-End Computing (Proceedings of the International Conference ParCo 2005)}},
	editor = {Joubert, G. R. and Nagel, W. E. and Peters, F. J. and Plata, O. and Tirado, P. and Zapata, E.},
	Month = {{sep}},
	Note = {{ISBN 3-00-017352-8}},
	publisher = {{NIC series}},
	author = {Drummond, L. A. and Galiano, V. and Migall{\'{o}}n, V. and Penad{\'{e}}s, J.},
	title = {{Improving ease of use in BLACS and PBLAS with Python}},
	volume = {{33}},
	year = {{2006}},
	tags = "Linear Algebra, Distributed memory, Python, Parallel framework"
}

@inproceedings{VinterB,
	booktitle = {{Communicating Process Architectures 2004}},
	editor = {East, Ian R. and Duce, David and Green, Mark and Martin, Jeremy M.  R. and Welch, Peter H.},
	Isbn = {{1 58603 458 8}},
	Month = {{sep}},
	author = {Vinter, Brian and Bj{\o}rndalen, John Markus},
	title = {{A Comparison of Three MPI Implementations}},
	pages = {127-136},
	year = {{2004}},
	tags = "MPI"
}

@article{Using_MPI-2,
	Address = {{Los Alamitos, CA, USA}},
	Doi = {{http://doi.ieeecomputersociety.org/10.1109/CLUSTER.2003.10010}},
	Publisher = {{IEEE Computer Society}},
	author = {Gropp, W. and Lusk, E. and Ross, R. and Thakur, R.},
	title = {{Using MPI-2: Advanced Features of the Message Passing Interface}},
	journal = {{Cluster Computing, IEEE International Conference on}},
	volume = {{0}},
	year = {{2003}},
	tags = "MPI, Distributed memory"
}

@article{Cappello2000,
	Address = {{Los Alamitos, CA, USA}},
	Doi = {{http://doi.ieeecomputersociety.org/10.1109/SC.2000.10001}},
	Issn = {{1063-9535}},
	Publisher = {{IEEE Computer Society}},
	author = {Cappello, Franck and Etiemble, Daniel},
	title = {{MPI versus MPI+OpenMP on the IBM SP for the NAS Benchmarks}},
	journal = {{SC Conference}},
	volume = {{0}},
	pages = {12},
	year = {{2000}},
	tags = "Hybrid parallel programming"
}

@book{mpi21-report,
	author = {MPI Forum},
	title = {{MPI-2.1 Standard}},
	year = {{2008}},
	tags = "MPI"
}

@misc{Python,
	howpublished = {{Python Software Foundation}},
	note = {{www.python.org}},
	author = {Guido van Rossum},
	title = {{Python Programming Language}},
	year = {{2009}},
	tags = "Python"
}



